title,release date,year,genre,director,cast1,cast2,cast3,cast4,cast5,budget,revenue
No Good Deed,9/12/2014,2014,Crime,Sam Miller,Idris Elba,Taraji P. Henson,Henry Simmons,,,13200000,54300000
Prisoners,9/20/2013,2013,Crime,Denis Villeneuve,Jake Gyllenhaal,Hugh Jackman,Paul Dano,Melissa Leo,Viola Davis,46000000,122100000
Secret in Their Eyes,11/20/2015,2015,Crime,Billy Ray,Julia Roberts,Nicole Kidman,Chiwetel Ejiofor,Dean Norris,,19500000,32200000
American Sniper,11/11/2014,2014,Drama,Clint Eastwood,Bradley Cooper,Sienna Miller,Max Charles,Luke Grimes,,58800000,547400000
Argo,10/12/2012,2012,Drama,Ben Affleck,Ben Affleck,John Goodman,Alan Arkin,Bryan Cranston,Victor Garber,44500000,232300000
Beasts of the Southern Wild,6/27/2012,2012,Drama,Benh Zeitlin,Quvenzhané Wallis,Dwight Henry,,,,1800000,21900000
Carol,5/17/2015,2015,Drama,Todd Haynes,Cate Blanchett,Rooney Mara,Sarah Paulson,Kyle Chandler,Jake Lacy,11800000,40300000
Cloud Atlas,10/26/2012,2012,Drama,Tom Tykwer,Tom Hanks,Jim Sturgess,David Gyasi,Jim Broadbent,Ben Whishaw,128500000,130500000
Jersey Boys,6/5/2014,2014,Drama,Clint Eastwood,John Lloyd Young,Erec Bergen,Vincent Piazza,Michael Lamenda,Christopher Walken,58600000,67700000
Money Monster,5/13/2016,2016,Drama,Jodie Foster,George Clooney,Julia Roberts,Jack O'Connell,Dominic West,Caitriona Balfe,27000000,93100000
Mustang,5/19/2015,2015,Drama,Deniz Gamze Ergüven,Güneş Şensoy,,,,,1300000,4900000
Rams,5/15/2015,2015,Drama,Grímur Hákonarson,Sigurður Sigurjónsson,,,,,1750000,1740000
Salmon Fishing in the Yemen,3/9/2012,2012,Drama,Lasse Hallström,Ewan McGregor,Emily Blunt,Kristin Scott Thomas,Amr Waked,,14400000,34600000
Silver Linings Playbook,11/16/2012,2012,Drama,David O. Russell,Bradley Cooper,Jennifer Lawrence,Brea Bee,Robert De Niro,Jacki Weaver,21000000,236400000
The Drop,9/12/2014,2014,Drama,Michaël R. Roskam,Tom Hardy,Noomi Rapace,James Gandolfini,Matthias Schoenaerts,John Ortiz,12600000,18700000
The Infiltrator,7/13/2016,2016,Drama,Brad Furman,Bryan Cranston,Diane Kruger,Benjamin Bratt,John Leguizamo,Amy Ryan,47500000,15200000
The Water Diviner,12/26/2014,2014,Drama,Russell Crowe,Cem Yılmaz,Miyavi,Yılmaz Erdoğan,,,22500000,30800000
The Young Messiah,3/11/2016,2016,Drama,Cyrus Nowrasteh,Adam Greaves-Neal,Sean Bean,,,,18500000,7200000
Truth,9/12/2015,2015,Drama,James Vanderbilt,Robert Redford,Cate Blanchett,Dennis Quaid,Topher Grace,Elisabeth Moss,9600000,5400000
22 Jump Street,6/4/2014,2014,Action,Phil Lord,Channing Tatum,Jonah Hill,Ice Cube,,,84500000,331300000
71,2/7/2014,2014,Action,Yann Demange,Jack O'Connell,Richard Dormer,Sean Harris,Sam Reid,,8100000,2900000
A Good Day to Die Hard,2/14/2013,2013,Action,John Moore,Bruce Willis,Jai Courtney,Sebastian Koch,Yuliya Snigir,Radivoje Bukvić,92000000,304700000
Battleship,5/18/2012,2012,Action,Peter Berg,Alexander Skarsgård,Taylor Kitsch,Brooklyn Decker,Rihanna,Liam Neeson,220000000,303000000
Black Mass,9/4/2015,2015,Action,Scott Cooper,Johnny Depp,Joel Edgerton,Benedict Cumberbatch,Sienna Miller,Dakota Johnson,53000000,99800000
Criminal,4/15/2016,2016,Action,Ariel Vromen,Kevin Costner,Gary Oldman,Tommy Lee Jones,Alice Eve,Gal Gadot,31500000,35600000
Dawn of the Planet of the Apes,6/26/2014,2014,Action,Matt Reeves,Andy Serkis,Gary Oldman,Jason Clarke,Kodi Smit-McPhee,Keri Russell,235000000,710600000
Gods of Egypt,2/25/2016,2016,Action,Alex Proyas,Geoffrey Rush,Gerard Butler,Brenton Thwaites,Courtney Eaton,Nikolaj Coster-Waldau,140000000,145700000
Kingsman: The Secret Service,12/13/2014,2014,Action,Matthew Vaughn,Colin Firth,Taron Egerton,Samuel L. Jackson,Mark Strong,Michael Caine,94000000,414400000
Man of Steel,6/14/2013,2013,Action,Zack Snyder,Henry Cavill,Amy Adams,Michael Shannon,Kevin Costner,Diane Lane,225000000,668000000
Monster Hunt,1/22/2016,2016,Action,Raman Hui,Bai Baihe,Jing Boran,Jiang Wu,Elaine Jin,,56000000,385200000
Run All Night,3/13/2015,2015,Action,Jaume Collet-Serra,Liam Neeson,Joel Kinnaman,Ed Harris,,,61600000,71700000
Rush,9/20/2013,2013,Action,Ron Howard,Chris Hemsworth,Daniel Bruhl,Olivia Wilde,Alexandra Maria Lara,,38000000,90200000
Star Trek Beyond,7/22/2016,2016,Action,Justin Lin,Chris Pine,Zachary Quinto,Zoe Saldana,Karl Urban,John Cho,185000000,243000000
Suicide Squad,8/5/2016,2016,Action,David Ayer,Will Smith,Jared Leto,Margot Robbie,Joel Kinnaman,Viola Davis,175000000,636700000
The Amazing Spider-Man,7/3/2012,2012,Action,Marc Webb,Andrew Garfield,Emma Stone,Max Charles,Martin Sheen,Sally Field,230000000,757900000
The Legend of Tarzan,7/1/2016,2016,Action,David Yates,Alexander Skarsgard,Margot Robbie,Christoph Waltz,Samuel L. Jackson,Djimon Hounsou,180000000,352700000
The Raid 2,1/21/2014,2014,Action,Gareth Evans,Iko Uwais,Tio Pakusadewo,Arifin Putra,Julie Estelle,Alex Abbad,4500000,6600000
The Raid: Redemption ₪,3/23/2012,2012,Action,Gareth Evans,Iko Uwais,Doni Alamsyah,Joe Taslim,Yayan Ruhian,Ray Sahetapy,1100000,9140000
X-Men: Days of Future Past,5/10/2014,2014,Action,Bryan Singer,Hugh Jackman,James McAvoy,Michael Fassbender,Halle Berry,Jennifer Lawrence,200000000,747900000
A Long Way Down,2/10/2014,2014,Comedy,Pascal Chaumeil,Toni Collette,Pierce Brosnan,Aaron Paul,Imogen Poots,,22700000,7100000
Daddy's Home,12/25/2015,2015,Comedy,Sean Anders,Will Ferrell,Mark Wahlberg,Linda Cardellini,,,69000000,240400000
Despicable Me 2,6/20/2013,2013,Comedy,Chris Renaud,Steve Carell,Kristen Wiig,Miranda Cosgrove,Dana Gaier,Elsie Fisher,76000000,970800000
Entourage,5/27/2015,2015,Comedy,Doug Ellin,Adrian Grenier,Kevin Connolly,Kevin Dillon,Jerry Ferrara,Jeremy Piven,39000000,49300000
Ghostbusters,7/15/2016,2016,Comedy,Paul Feig,Melissa McCarthy,Kristen Wiig,Leslie Jones,Kate McKinnon,Chris Hemsworth,144000000,217500000
Magic in the Moonlight,7/25/2014,2014,Comedy,Woody Allen,Emma Stone,Colin Firth,Hamish Linklater,Marcia Gay Harden,Jacki Weaver,16800000,51000000
Men in Black 3,5/25/2012,2012,Comedy,Barry Sonnenfeld,Will Smith,Tommy Lee Jones,Josh Brolin,Jemaine Clement,Emma Thompson,215000000,624000000
Pixels,7/24/2015,2015,Comedy,Chris Columbus,Adam Sandler,Kevin James,Josh Gad,Peter Dinklage,Michelle Monaghan,129000000,244900000
Ted,6/29/2012,2012,Comedy,Seth MacFarlane,Mark Wahlberg,Mila Kunis,Seth MacFarlane,Giovanni Ribisi,Joel McHale,51000000,549400000
The Angry Birds Movie,5/5/2016,2016,Comedy,Clay Kaytis,Jason Sudeikis,Josh Gad,Danny McBride,Bill Hader,Maya Rudolph,73000000,346900000
The Sweet Escape,6/10/2015,2015,Comedy,Bruno Podalydès,Bruno Podalydès,Sandrine Kiberlain,Agnès Jaoui,Vimala Pons,,3800000,3300000
This Is Where I Leave You,9/19/2014,2014,Comedy,Shawn Levy,Jason Bateman,Tina Fey,Jane Fonda,Timothy Olyphant,Corey Stoll,19800000,41300000
Dolphin Tale 2,9/12/2014,2014,Family,Charles Martin Smith,Winter,Hope,Nathan Gamble,Harry Connick,Jr.,36000000,57800000
Penguins of Madagascar,11/14/2014,2014,Family,Simon J. Smith,Tom McGrath,Chris Miller,Conrad Vernon,Christopher Knights,Benedict Cumberbatch,132000000,373000000
The Nut Job,1/11/2014,2014,Family,Peter Lepeniotis,Will Arnett,Katherine Heigl,Liam Neeson,Brendan Fraser,Gabriel Iglesias,42800000,120900000
Abraham Lincoln: Vampire Hunter,6/22/2012,2012,Horror,Timur Bekmambetov,Benjamin Walker,Dominic Cooper,Anthony Mackie,Mary Elizabeth Winstead,Rufus Sewell,99500000,116400000
Lights Out,7/22/2016,2016,Horror,David F. Sandberg,Teresa Palmer,Gabriel Bateman,Alexander DiPersia,,,4900000,125900000
No One Lives,5/10/2013,2013,Horror,Ryuhei Kitamura,Luke Evans,Adelaide Clemens,America Olivo,Derek Magyar,Lindsey Shaw,2900000,1000000
Chappie,3/4/2015,2015,Sci-Fi,Neill Blomkamp,Sharlto Copley,Ninja,Yolandi Visser,Dev Patel,Hugh Jackman,49000000,102100000
Terminator Genisys,6/22/2015,2015,Sci-Fi,Alan Taylor,Arnold Schwarzenegger,J. K. Simmons,Emilia Clarke,Jason Clarke,Jai Courtney,155000000,440600000
The Martian,9/11/2015,2015,Sci-Fi,Ridley Scott,Matt Damon,Jeff Daniels,Kristen Wiig,Sean Bean,Jessica Chastain,108000000,630200000
The Mermaid,2/8/2016,2016,Sci-Fi,Stephen Chow,Deng Chao,Lin Yun,Show Luo,Zhang Yuqi,Kris Wu,60720000,553800000
Aloha,5/27/2015,2015,Romance,Cameron Crowe,Bradley Cooper,Emma Stone,Alec Baldwin,Rachel McAdams,Bill Murray,52000000,26300000
Love the Coopers,11/4/2015,2015,Romance,Jessie Nelson,John Goodman,Diane Keaton,Amanda Seyfried,Alan Arkin,Olivia Wilde,24000000,41100000
Don't Breathe,8/26/2016,2016,Thriller,Fede Alvarez,Dylan Minnette,Stephen Lang,Daniel Zovatto,,,9900000,28300000
Embrace of the Serpent,5/15/2015,2015,Adventure,Ciro Guerra,Jan Bijvoet,Nilbio Torres,Antonio Bolívar,,,1400000,2800000
Epic,5/24/2013,2013,Adventure,Chris Wedge,Colin Farrell,Josh Hutcherson,Amanda Seyfried,Jason Sudeikis,Christoph Waltz,93000000,268400000
Journey 2: The Mysterious Island,2/10/2012,2012,Adventure,Brad Peyton,Dwayne Johnson,Michael Caine,Josh Hutcherson,Vanessa Hudgens,Luis Guzmán,79000000,335300000
The SpongeBob Movie: Sponge Out of Water,2/6/2015,2015,Adventure,Paul Tibbitt,Paul Tibbitt (director),Jonathan Aibel,Glenn Berger(screenplay),Antonio Banderas,Tom Kenny,74000000,323400000
The Peanuts Movie,11/1/2015,2015,Animation,Steve Martino,Bill Melendez,Noah Schnapp,Hadley Belle Miller,AJ Teece,Noah Johnston,99000000,246200000
Amy,6/16/2015,2015,Biography,Asif Kapadia,Amy Winehouse,Mitchell Winehouse,Janis Winehouse,Raye Cosbert,Nick Shymansky,3400000,22000000
Ain't Them Bodies Saints,8/16/2013,2013,Drama,David Lowery,Casey Affleck,Rooney Mara,Ben Foster,Rami Malek,Keith Carradine,4000000,1000000
Boyhood,1/19/2014,2014,Drama,Richard Linklater,Ethan Hawke,Patricia Arquette,Ellar Coltrane,,,4000000,44500000
The Second Mother,1/25/2015,2015,Drama,Anna Muylaert,Regina Casé,Michel Joelsas,Camila Márdila,,,4000000,6200000
A Haunted House 2,4/18/2014,2014,Comedy,Michael Tiddes,Marlon Wayans,Jaime Pressly,Essence Atkins,Cedric the Entertainer,Gabriel Iglesias,4000000,24000000
The Darkness,5/13/2016,2016,Horror,Greg McLean,Kevin Bacon,Radha Mitchell,David Mazouz,Lucy Fry,Matt Walsh,4000000,10900000
The Signal,1/20/2014,2014,Sci-Fi,William Eubank,Brenton Thwaites,Olivia Cooke,Sarah Clarke,Laurence Fishburne,,4000000,2420000
Life of Pi,11/21/2012,2012,Drama,Ang Lee,Suraj Sharma,Ayush Tandon,Irrfan Khan,Gérard Depardieu,,120000000,609000000
Fantastic Four,8/4/2015,2015,Action,Josh Trank,Miles Teller,Michael B. Jordan,Kate Mara,Jamie Bell,Toby Kebbell,120000000,168000000
Jason Bourne,7/29/2016,2016,Action,Paul Greengrass,Matt Damon,Julia Stiles,Alicia Vikander,Riz Ahmed,Vincent Cassel,120000000,347900000
Oblivion,4/10/2013,2013,Action,Joseph Kosinski,Tom Cruise,Olga Kurylenko,Andrea Riseborough,Morgan Freeman,Nikolaj Coster-Waldau,120000000,286200000
The Wolverine,7/24/2013,2013,Action,James Mangold,Hugh Jackman,Famke Janssen,Hiroyuki Sanada,Hal Yamanouchi,Tao Okamoto,120000000,414800000
The Twilight Saga: Breaking Dawn – Part 2,11/16/2012,2012,Fantasy,Bill Condon,Kristen Stewart,Robert Pattinson,Michael Sheen,Mackenzie Foy,Billy Burke,120000000,829700000
Enough Said,9/20/2013,2013,Comedy,Nicole Holofcener,James Gandolfini,Julia Louis-Dreyfus,Toni Collette,Catherine Keener,Ben Falcone,8000000,25300000
Me and Earl and the Dying Girl,1/25/2015,2015,Comedy,Alfonso Gomez-Rejon,Thomas Mann,Olivia Cooke,Ronald Cyler II,Jon Bernthal,Nick Offerman,8000000,9100000
That Awkward Moment,1/27/2014,2014,Comedy,Tom Gormican,Zac Efron,Michael B. Jordan,Miles Teller,Imogen Poots,Jessica Lucas,8000000,40500000
The Bling Ring,6/14/2013,2013,Comedy,Sofia Coppola,Emma Watson,Israel Broussard,Katie Chang,Claire Julien,Taissa Farmiga,8000000,19100000
The Single Moms Club,3/14/2014,2014,Comedy,Tyler Perry,Tyler Perry,Nia Long,Wendi McLendon-Covey,Zulay Henao,Cocoa Brown,8000000,16300000
A Walk in the Woods,1/23/2015,2015,Adventure,Ken Kwapis,Robert Redford,Nick Nolte,Emma Thompson,,,8000000,36000000
Project X,3/2/2012,2012,Comedy,Nima Nourizadeh,Miles Teller,Oliver Cooper,Jonathan Daniel Brown,Kirby Bliss Blanton,Thomas Mann,12000000,102700000
Think Like a Man,4/20/2012,2012,Comedy,Tim Story,Kevin Hart,Michael Ealy,Taraji P. Henson,Jerry Ferrara,Meagan Good,12000000,96100000
Top Five,9/6/2014,2014,Comedy,Chris Rock,Chris Rock,Rosario Dawson,Genevieve Angelson,Rachel Feinstein,Dan Naturman,12000000,26100000
Chronicle,2/3/2012,2012,Sci-Fi,Josh Trank,Dane DeHaan,Michael B. Jordan,Alex Russell,Michael Kelly,,12000000,126600000
Project Almanac,1/30/2015,2015,Sci-Fi,Dean Israelite,Jonny Weston,Sofia Black-D'Elia,,,,12000000,33200000
Paper Towns,7/24/2015,2015,Romance,Jake Schreier,Nat Wolff,Cara Delevingne,,,,12000000,85500000
Jobs,8/16/2013,2013,Biography,Joshua Michael Stern,Ashton Kutcher,Dermot Mulroney,Josh Gad,Lukas Haas,J.K. Simmons,12000000,35900000
Heaven Is for Real,4/16/2014,2014,Religious,Randall Wallace,Greg Kinnear,Kelly Reilly,Connor Corum,Thomas Haden Church,Jacob Vargas,12000000,101300000
People Like Us,6/29/2012,2012,Drama,Alex Kurtzman,Chris Pine,Elizabeth Banks,Michelle Pfeiffer,Olivia Wilde,Mark Duplass,16000000,12400000
Moonrise Kingdom ₪,5/25/2012,2012,Comedy,Wes Anderson,Jared Gilman,Kara Hayward,Bruce Willis,Edward Norton,Bill Murray,16000000,68300000
Left Behind,10/3/2014,2014,Religious,Vic Armstrong,Nicolas Cage,Chad Michael Murray,Cassi Thomson,Nicky Whelan,Jordin Sparks,16000000,27600000
The Identical,4/17/2014,2014,Religious,Dustin Marcellino,Ray Liotta,Ashley Judd,Seth Green,Brian Geraghty,Joe Pantoliano,16000000,2800000
Trance,3/27/2013,2013,Crime,Danny Boyle,James McAvoy,Vincent Cassel,Rosario Dawson,Tuppence Middleton,Lee Nicholas Harris,20000000,24300000
Triple 9,2/16/2016,2016,Crime,John Hillcoat,Kate Winslet,Woody Harrelson,Gal Gadot,Anthony Mackie,Teresa Palmer,20000000,23400000
Little Boy,4/24/2015,2015,Drama,Alejandro Gómez Monteverde,Jakob Salvati,David Henrie,Kevin James,Emily Watson,Ted Levine,20000000,17500000
Me Before You,6/3/2016,2016,Drama,Thea Sharrock,Emilia Clarke,Sam Claflin,Charles Dance,Jenna Coleman,Janet McTeer,20000000,196200000
Risen,2/19/2016,2016,Drama,Kevin Reynolds,Joseph Fiennes,Tom Felton,Cliff Curtis,,,20000000,46100000
Selma,12/25/2014,2014,Drama,Ava DuVernay,David Oyelowo,Tom Wilkinson,Common,Carmen Ejogo,,20000000,66800000
Spotlight,9/3/2015,2015,Drama,Tom McCarthy,Mark Ruffalo,Michael Keaton,Rachel McAdams,Liev Schreiber,John Slattery,20000000,88300000
A Most Violent Year,11/6/2014,2014,Action,J. C. Chandor,Oscar Isaac,Jessica Chastain,Alessandro Nivola,David Oyelowo,Albert Brooks,20000000,12000000
John Wick,10/13/2014,2014,Action,Chad Stahelski,Keanu Reeves,Bridget Moynahan,Willem Dafoe,,,20000000,86000000
Lockout,4/13/2012,2012,Action,James Mather,Guy Pearce,Maggie Grace,Peter Stormare,Lennie James,Vincent Regan,20000000,32200000
The Cold Light of Day,9/7/2012,2012,Action,Mabrouk El Mechri,Henry Cavill,Bruce Willis,Sigourney Weaver,Veronica Echegui,Roschoy Zem,20000000,16900000
The Man with the Iron Fists,11/2/2012,2012,Action,RZA,Russell Crowe,Lucy Liu,David Bautista,RZA,Byron Mann,20000000,20300000
Bad Moms,7/29/2016,2016,Comedy,Jon Lucas,Mila Kunis,Christina Applegate,Kristen Bell,Jada Pinkett Smith,Kathryn Hahn,20000000,124200000
Barbershop: The Next Cut,4/15/2016,2016,Comedy,Malcolm D. Lee,Ice Cube,Cedric the Entertainer,Nicki Minaj,Regina Hall,Eve,20000000,55000000
Burnt,10/6/2015,2015,Comedy,John Wells,Bradley Cooper,Jamie Dornan,Emma Thompson,Sienna Miller,Daniel Brühl,20000000,36600000
Popstar: Never Stop Never Stopping,6/3/2016,2016,Comedy,Jorma Taccone,Jorma Taccone,Akiva Schaffer,Andy Samberg (screenplay),,,20000000,9500000
Scary Movie 5,4/12/2013,2013,Comedy,Malcolm D. Lee,Ashley Tisdale,Simon Rex,Lindsay Lohan,Charlie Sheen,Terry Crews,20000000,78400000
Tammy,7/2/2014,2014,Comedy,Ben Falcone,Melissa McCarthy,Susan Sarandon,Allison Janney,Toni Collette,Sandra Oh,20000000,100500000
The World's End,7/19/2013,2013,Comedy,Edgar Wright,Simon Pegg,Nick Frost,Paddy Considine,Martin Freeman,Eddie Marsan,20000000,46100000
The Oogieloves in the Big Balloon Adventure,8/29/2012,2012,Family,Matthew Diamond,Toni Braxton,Cloris Leachman,Christopher Lloyd,Chazz Palminteri,Cary Elwes,20000000,1100000
Silent Hill: Revelation 3D,10/26/2012,2012,Horror,Michael J. Bassett,Adelaide Clemens,Sean Bean,Radha Mitchell,Kit Harington,Carrie-Anne Moss,20000000,52300000
Texas Chainsaw 3D,1/4/2013,2013,Horror,John Luessenhop,Alexandra Daddario,Dan Yeager,Trey Songz,Scott Eastwood,Tania Raymonde,20000000,47200000
Ratchet & Clank,4/29/2016,2016,Sci-Fi,Jerrica Cleland,Paul Giamatti,John Goodman,Bella Thorne,Rosario Dawson,James Arnold Taylor,20000000,12800000
Battle of the Year,9/20/2013,2013,Musical,Benson Lee,Josh Holloway,Laz Alonso,Josh Peck,Caity Lotz,Chris Brown,20000000,16500000
Nerve,7/27/2016,2016,Thriller,Henry Joost,Dave Franco,Emma Roberts,Emily Meade,Kimiko Glenn,Juliette Lewis,20000000,47600000
The Conjuring,7/19/2013,2013,Thriller,James Wan,Patrick Wilson,Vera Farmiga,Ron Livingston,Lili Taylor,Shannon Kook,20000000,318000000
Max,6/26/2015,2015,Adventure,Boaz Yakin,Josh Wiggins,Thomas Haden Church,Lauren Graham,,,20000000,44000000
Chasing Mavericks,10/26/2012,2012,Biography,Curtis Hanson,Gerard Butler,Jonny Weston,Elisabeth Shue,Abigail Spencer,,20000000,8300000
Hands of Stone,8/26/2016,2016,Biography,Jonathan Jakubowicz,Édgar Ramírez,Robert De Niro,Usher,Ellen Barkin,Ana de Armas,20000000,1700000
My All American,11/13/2015,2015,Biography,Angelo Pizzo,Aaron Eckhart,Finn Wittrock,Robin Tunney,Sarah Bolger,Michael Reilly Burke,20000000,2200000
A Walk Among the Tombstones,9/19/2014,2014,Crime,Scott Frank,Liam Neeson,Dan Stevens,Ruth Wilson,Boyd Holbrook,,28000000,58800000
American Ultra,8/21/2015,2015,Action,Nima Nourizadeh,Jesse Eisenberg,Kristen Stewart,Connie Britton,Topher Grace,John Leguizamo,28000000,27100000
Our Brand Is Crisis,9/11/2015,2015,Comedy,David Gordon Green,Sandra Bullock,Scoot McNairy,Billy Bob Thornton,Anthony Mackie,Ann Dowd,28000000,8600000
Pride and Prejudice and Zombies,2/5/2016,2016,Comedy,Burr Steers,Lily James,Sam Riley,Matt Smith,Lena Headey,Charles Dance,28000000,16400000
The Big Short,12/11/2015,2015,Biography,Adam McKay,Religious Bale,Steve Carell,Ryan Gosling,Brad Pitt,Melissa Leo,28000000,133300000
The Master,9/14/2012,2012,Drama,Paul Thomas Anderson,Philip Seymour Hoffman,Joaquin Phoenix,Jesse Plemons,David Warshofsky,Amy Adams,32000000,28300000
This Is the End,6/12/2013,2013,Comedy,Evan Goldberg,Seth Rogen,Jay Baruchel,James Franco,Craig Robinson,Danny McBride,32000000,126000000
One for the Money,1/27/2012,2012,Crime,Julie Anne Robinson,Katherine Heigl,Debbie Reynolds,Jason O'Mara,Daniel Sunjata,Sherri Shepherd,40000000,36900000
War Dogs,8/19/2016,2016,Crime,Todd Phillips,Jonah Hill,Miles Teller,Ana de Armas,J. B. Blanc,,40000000,42700000
Bridge of Spies,10/4/2015,2015,Drama,Steven Spielberg,Tom Hanks,Mark Rylance,Amy Ryan,Alan Alda,Austin Stowell,40000000,165500000
Creed,11/25/2015,2015,Drama,Ryan Coogler,Michael B. Jordan,Sylvester Stallone,Tessa Thompson,Graham McTavish,Tony Bellew,40000000,173600000
Zero Dark Thirty,12/19/2012,2012,Drama,Kathryn Bigelow,Jessica Chastain,Chris Pratt,Joel Edgerton,Kyle Chandler,Jason Clarke,40000000,132800000
Mechanic: Resurrection,8/26/2016,2016,Action,Dennis Gansel,Jason Statham,Jessica Alba,Tommy Lee Jones,Michelle Yeoh,,40000000,7500000
Paul Blart: Mall Cop 2,4/17/2015,2015,Action,Andy Fickman,Kevin James,Raini Rodriguez,Neal McDonough,Molly Shannon,Daniella Alonso,40000000,107600000
Riddick,9/6/2013,2013,Action,David Twohy,Vin Diesel,Karl Urban,Katee Sackhoff,Dave Bautista,Matthew Nable,40000000,100300000
A Thousand Words,3/9/2012,2012,Comedy,Brian Robbins,Eddie Murphy,Kerry Washington,Cliff Curtis,Clark Duke,Allison Janney,40000000,22000000
Blended,5/23/2014,2014,Comedy,Frank Coraci,Adam Sandler,Drew Barrymore,Bella Thorne,Emma Fuhrmann,Terry Crews,40000000,128000000
Escape from Planet Earth,2/15/2013,2013,Comedy,Cal Brunker,Brendan Fraser,Rob Corddry,Jessica Alba,William Shatner,Sarah Jessica Parker,40000000,74600000
Get Hard,3/27/2015,2015,Comedy,Etan Cohen,Will Ferrell,Kevin Hart,Alison Brie,Craig T. Nelson,T.I.,40000000,111800000
Ride Along 2,1/15/2016,2016,Comedy,Tim Story,Ice Cube,Kevin Hart,Benjamin Bratt,Olivia Munn,Ken Jeong,40000000,124200000
The Other Woman,3/31/2014,2014,Comedy,Nick Cassavetes,Cameron Diaz,Leslie Mann,Kate Upton,Nikolaj Coster-Waldau,Taylor Kinney,40000000,196700000
What to Expect When You're Expecting,5/18/2012,2012,Comedy,Kirk Jones,Cameron Diaz,Jennifer Lopez,Brooklyn Decker,Elizabeth Banks,Anna Kendrick,40000000,84400000
The Conjuring 2,6/7/2016,2016,Horror,James Wan,Patrick Wilson,Vera Farmiga,,,,40000000,319500000
Victor Frankenstein,11/25/2015,2015,Horror,Paul McGuigan,Daniel Radcliffe,James McAvoy,Jessica Brown Findlay,Andrew Scott,,40000000,34200000
Lucy,7/25/2014,2014,Sci-Fi,Luc Besson,Scarlett Johansson,Morgan Freeman,Choi Min-sik,,,40000000,463400000
The Host,3/29/2013,2013,Sci-Fi,Andrew Niccol,Saoirse Ronan,Max Irons,Jake Abel,Diane Kruger,William Hurt,40000000,63300000
The Gunman,3/20/2015,2015,Thriller,Pierre Morel,Sean Penn,Javier Bardem,Ray Winstone,Idris Elba,Mark Rylance,40000000,24200000
42,4/12/2013,2013,Biography,Brian Helgeland,Harrison Ford,Chadwick Boseman,Christopher Meloni,Ryan Merriman,Andre Holland,40000000,97500000
The Hateful Eight,12/25/2015,2015,Drama,Quentin Tarantino,Samuel L. Jackson,Kurt Russell,Jennifer Jason Leigh,Walton Goggins,Tim Roth,44000000,155800000
The Interview,12/11/2014,2014,Action,Seth Rogen,Seth Rogen,James Franco,Lizzy Caplan,,,44000000,11300000
The Intern,9/15/2015,2015,Comedy,Nancy Meyers,Robert De Niro,Anne Hathaway,Rene Russo,Adam DeVine,Anders Holm,44000000,194600000
Fast & Furious 6,5/17/2013,2013,Action,Justin Lin,Vin Diesel,Dwayne Johnson,Paul Walker,Michelle Rodriguez,Jordana Brewster,160000000,788700000
Godzilla,5/8/2014,2014,Action,Gareth Edwards,Aaron Taylor-Johnson,Ken Watanabe,Elizabeth Olsen,Bryan Cranston,Juliette Binoche,160000000,529000000
Warcraft,6/10/2016,2016,Action,Duncan Jones,Ben Foster,Travis Fimmel,Paula Patton,Toby Kebbell,Dominic Cooper,160000000,433500000
The Hunger Games: Mockingjay – Part 2,11/4/2015,2015,Sci-Fi,Francis Lawrence,Jennifer Lawrence,Josh Hutcherson,Liam Hemsworth,Woody Harrelson,Elizabeth Banks,160000000,653400000
Trouble with the Curve,9/21/2012,2012,Drama,Robert Lorenz,Clint Eastwood,Amy Adams,Matthew Lillard,Justin Timberlake,John Goodman,60000000,49000000
Winter's Tale,2/13/2014,2014,Drama,Akiva Goldsman,Colin Farrell,Russell Crowe,Jessica Brown Findlay,Jennifer Connelly,Will Smith,60000000,31100000
Jack Reacher,12/21/2012,2012,Action,Christopher McQuarrie,Tom Cruise,Rosamund Pike,David Oyelowo,Richard Jenkins,Alexia Fast,60000000,218300000
Jack Ryan: Shadow Recruit,1/15/2014,2014,Action,Kenneth Branagh,David Koepp,Adam Cozad,Anthony Peckham,Steve Zaillian,Chris Pine,60000000,135500000
London Has Fallen,3/4/2016,2016,Action,Babak Najafi,Gerard Butler,Aaron Eckhart,Morgan Freeman,Angela Bassett,Alon Aboutboul,60000000,195700000
Mortdecai,1/23/2015,2015,Action,David Koepp,Johnny Depp,Ewan McGregor,Olivia Munn,Aubrey Plaza,Oliver Platt,60000000,47000000
The Mortal Instruments: City of Bones,8/21/2013,2013,Action,Harald Zwart,Lily Collins,Jamie Campbell Bower,Robert Sheehan,Jemima West,Kevin Durand,60000000,90600000
Joy,12/25/2015,2015,Comedy,David O. Russell,Jennifer Lawrence,Robert De Niro,Bradley Cooper,Édgar Ramírez,,60000000,101100000
The Boxtrolls,8/31/2014,2014,Family,Anthony Stacchi,Ben Kingsley,Toni Collette,Elle Fanning,Isaac Hempstead-Wright,Jared Harris,60000000,109300000
The Lego Movie,2/1/2014,2014,Family,Phil Lord,Chris Pratt,Will Ferrell,Elizabeth Banks,Will Arnett,Nick Offerman,60000000,469200000
Beautiful Creatures,2/14/2013,2013,Fantasy,Richard LaGravenese,Viola Davis,Alice Englert,Emma Thompson,Emmy Rossum,Jeremy Irons,60000000,60100000
Kubo and the Two Strings,8/19/2016,2016,Fantasy,Travis Knight,Art Parkinson,Matthew McConaughey,Rooney Mara,Charlize Theron,Ralph Fiennes,60000000,27600000
ParaNorman,8/17/2012,2012,Fantasy,Chris Butler,Kodi Smit-McPhee,Tucker Albrizzi,Anna Kendrick,Casey Affleck,Christopher Mintz-Plasse,60000000,107100000
Fury,10/15/2014,2014,Action,David Ayer,Brad Pitt,Shia LaBeouf,Logan Lerman,Michael Peña,Jon Bernthal,68000000,211800000
Ted 2,6/24/2015,2015,Comedy,Seth MacFarlane,Alec Sulkin,Wellesley Wild(screenplay) Mark Wahlberg,Seth MacFarlane,Amanda Seyfried,Giovanni Ribisi,68000000,216700000
The Watch,7/27/2012,2012,Comedy,Akiva Schaffer,Ben Stiller,Vince Vaughn,Rosemarie DeWitt,Jonah Hill,Richard Ayoade,68000000,68300000
Polis Evo,9/17/2015,2015,Action,Ghaz Abu Bakar,Shaheizy Sam,Zizan Razak,Nora Danish,Mimie Ernida,Wan Hanafi Su,2400000,17300000
Lazer Team,1/27/2016,2016,Sci-Fi,Matt Hullum,Burnie Burns,Gavin Free,Michael Jones,Colton Dunn,Allie DeBerry,2400000,1600000
Pompeii,2/18/2014,2014,Action,Paul W. S. Anderson,Kit Harington,Emily Browning,Jared Harris,Kiefer Sutherland,Carrie-Anne Moss,80000000,117800000
Grown Ups 2,7/12/2013,2013,Comedy,Dennis Dugan,Adam Sandler,Kevin James,Chris Rock,David Spade,Taylor Lautner,80000000,247000000
Hotel Transylvania 2,9/25/2015,2015,Fantasy,Genndy Tartakovsky,Adam Sandler,Andy Samberg,Selena Gomez,Kevin James,Steve Buscemi,80000000,473000000
Goosebumps,10/5/2015,2015,Action,Rob Letterman,Jack Black,Dylan Minnette,Odeya Rush,Amy Ryan,Ryan Lee,84000000,150200000
RED 2,7/19/2013,2013,Action,Dean Parisot,Bruce Willis,John Malkovich,Helen Mirren,Mary-Louise Parker,Catherine Zeta-Jones,84000000,148100000
Django Unchained,12/25/2012,2012,Action,Quentin Tarantino,Christoph Waltz,Jamie Foxx,Leonardo DiCaprio,Samuel L. Jackson,Bruce Dern,100000000,425400000
RoboCop,1/30/2014,2014,Action,José Padilha,Joel Kinnaman,Gary Oldman,Michael Keaton,Samuel L. Jackson,Jackie Earle Haley,100000000,242700000
The Expendables 2,8/17/2012,2012,Action,Simon West,Sylvester Stallone,Jason Statham,Dolph Lundgren,Terry Crews,Randy Couture,100000000,305400000
Transcendence,4/10/2014,2014,Sci-Fi,Wally Pfister,Johnny Depp,Paul Bettany,Rebecca Hall,Kate Mara,Morgan Freeman,100000000,103000000
Ben-Hur,8/19/2016,2016,Adventure,Timur Bekmambetov,Jack Huston,Morgan Freeman,Toby Kebbell,Rodrigo Santoro,Nazanin Boniadi,100000000,41400000
In the Heart of the Sea,12/11/2015,2015,Biography,Ron Howard,Chris Hemsworth,Benjamin Walker,Cillian Murphy,Tom Holland,Ben Whishaw,100000000,93900000
Nightcrawler,9/5/2014,2014,Drama,Dan Gilroy,Jake Gyllenhaal,Bill Paxton,Rene Russo,Riz Ahmed,,8500000,50300000
The Duff,2/12/2015,2015,Comedy,Ari Sandel,Mae Whitman,Robbie Amell,Bella Thorne,Bianca A. Santos,Allison Janney,8500000,43500000
The Great Gatsby,5/10/2013,2013,Drama,Baz Luhrmann,Leonardo DiCaprio,Tobey Maguire,Joel Edgerton,Carey Mulligan,Isla Fisher,105000000,351000000
Point Break,12/25/2015,2015,Action,Ericson Core,Edgar Ramirez,Luke Bracey,Ray Winstone,Teresa Palmer,,105000000,133700000
Ice Age: Collision Course,7/22/2016,2016,Adventure,Mike Thurmeier,Ray Romano,John Leguizamo,Denis Leary,Queen Latifah,Jennifer Lopez,105000000,368300000
The Smurfs 2,7/31/2013,2013,Adventure,Raja Gosnell,Neil Patrick Harris,Jayma Mays,Hank Azaria,Tim Gunn,Brendan Gleeson,105000000,347500000
The Letters,12/4/2015,2015,Drama,William Riead,Juliet Stevenson,Max von Sydow,Rutger Hauer,Priya Darshini,,1000000,1600000
Chernobyl Diaries,5/25/2012,2012,Horror,Bradley Parker,Jonathan Sadowski,Devin Kelley,Jesse McCartney,Olivia Taylor Dudley,Nathan Phillips,1000000,37200000
The Devil Inside,1/6/2012,2012,Horror,William Brent Bell,Suzan Crowley,Fernanda Andrade,Simon Quarterman,Evan Helmuth,,1000000,101800000
Unfriended,7/20/2014,2014,Horror,Levan Gabriadze,Shelley Hennig,Renee Olstead,Jacob Wysocki,Will Peltz,,1000000,64100000
You're Next,8/23/2013,2013,Horror,Adam Wingard,Sharni Vinson,Joe Swanberg,AJ Bowen,Nicholas Tucci,Barbara Crampton,1000000,26800000
Kill the Messenger,10/10/2014,2014,Crime,Michael Cuesta,Jeremy Renner,Barry Pepper,Mary Elizabeth Winstead,Rosemarie DeWitt,Ray Liotta,5000000,2500000
90 Minutes in Heaven,9/11/2015,2015,Drama,Michael Polish,Hayden Christensen,Kate Bosworth,Dwight Yoakam,Michael W. Smith,,5000000,4800000
Race,2/19/2016,2016,Drama,Stephen Hopkins,Stephan James,Jason Sudeikis,Jeremy Irons,William Hurt,Carice van Houten,5000000,23500000
What Maisie Knew,5/3/2013,2013,Drama,Scott McGehee,Julianne Moore,Steve Coogan,Alexander Skarsgård,Joanna Vanderham,Onata Aprile,5000000,2700000
No Escape,8/17/2015,2015,Action,John Erick Dowdle,Owen Wilson,Pierce Brosnan,Lake Bell,,,5000000,54400000
"The Way, Way Back",7/5/2013,2013,Comedy,Nat Faxon,Steve Carell,Toni Collette,Allison Janney,AnnaSophia Robb,Sam Rockwell,5000000,5000000
"As Above, So Below",8/29/2014,2014,Horror,John Erick Dowdle,Drew Dowdle (screenplay)Perdita Weeks,Ben Feldman,Edwin Hodge,François Civil,Marion Lambert,5000000,5000000
Insidious: Chapter 2,9/13/2013,2013,Horror,James Wan,Patrick Wilson,Rose Byrne,Lin Shaye,Ty Simpkins,,5000000,161900000
Ouija,10/24/2014,2014,Horror,Stiles White,Douglas Smith,Olivia Cooke,Vivis Colombetti,Ana Coto,Erin Moriarty,5000000,103600000
The Last Exorcism Part II,3/1/2013,2013,Horror,Ed Gass-Donnelly,Ashley Bell,Spencer Treat Clark,Muse Watson,Louis Herthum,Judd Lormand,5000000,15100000
The Visit,9/8/2015,2015,Horror,M. Night Shyamalan,Kathryn Hahn,Ed Oxenbould,Deanna Dunagan,Peter McRobbie,Olivia DeJonge,5000000,98500000
Jem and the Holograms,10/23/2015,2015,Musical,Jon M. Chu,Aubrey Peeples,Stefanie Scott,Hayley Kiyoko,Aurora Perrineau,Ryan Guzman,5000000,2300000
The Perfect Match,3/11/2016,2016,Romance,Bille Woodruff,Terrence J,Cassie Ventura,Donald Faison,Dascha Polanco,Robert Christopher Riley,5000000,10400000
Paranormal Activity 4,10/19/2012,2012,Thriller,Ariel Schulman,Kathryn Newton,Katie Featherston,,,,5000000,142800000
The Gift,7/30/2015,2015,Thriller,Joel Edgerton,Jason Bateman,Rebecca Hall,Joel Edgerton,,,5000000,59000000
God's Not Dead 2,4/1/2016,2016,Religious,Harold Cronk,Melissa Joan Hart,David A. R. White,Ray Wise,Robin Givens,Ernie Hudson,5000000,23500000
Moms' Night Out,5/9/2014,2014,Religious,Andrew Erwin and Jon Erwin,Sarah Drew,Trace Adkins,Sean Astin,Patricia Heaton,,5000000,10500000
Teenage Mutant Ninja Turtles,7/29/2014,2014,Action,Jonathan Liebesman,Megan Fox,Johnny Knoxville,Alan Ritchson,Noel Fisher,Jeremy Howard,125000000,493300000
The Bourne Legacy,8/10/2012,2012,Action,Tony Gilroy,Jeremy Renner,Rachel Weisz,Edward Norton,Oscar Isaac,Joan Allen,125000000,276100000
Total Recall,8/3/2012,2012,Action,Len Wiseman,Colin Farrell,Jessica Biel,Bryan Cranston,Kate Beckinsale,Bill Nighy,125000000,198500000
The Hunger Games: Mockingjay – Part 1,11/10/2014,2014,Sci-Fi,Francis Lawrence,Jennifer Lawrence,Josh Hutcherson,Woody Harrelson,Julianne Moore,Donald Sutherland,125000000,755400000
Noah,3/10/2014,2014,Adventure,Darren Aronofsky,Russell Crowe,Jennifer Connelly,Logan Lerman,Emma Watson,Ray Winstone,125000000,362600000
I Saw the Light,9/11/2015,2015,Drama,Marc Abraham,Elizabeth Olsen,,,,,13000000,2600000
Miracles from Heaven,3/16/2016,2016,Drama,Patricia Riggen,Jennifer Garner,Martin Henderson,Queen Latifah,,,13000000,73600000
Room,9/4/2015,2015,Drama,Lenny Abrahamson,Brie Larson,Joan Allen,William H. Macy,Sean Bridgers,Jacob Tremblay,13000000,36000000
The Fault in Our Stars,5/16/2014,2014,Drama,Josh Boone,Shailene Woodley,Ansel Elgort,,,,13000000,307200000
The Perks of Being a Wallflower,9/21/2012,2012,Drama,Stephen Chbosky,Emma Watson,Logan Lerman,Mae Whitman,Nina Dobrev,Johnny Simmons,13000000,33400000
Woodlawn,10/16/2015,2015,Drama,The Erwin Brothers,Sean Astin,Nic Bishop,Caleb Castille,Sherri Shepherd,Jon Voight,13000000,14400000
St. Vincent,9/5/2014,2014,Comedy,Theodore Melfi,Bill Murray,Melissa McCarthy,Naomi Watts,Chris O'Dowd,Kimberly Quinn,13000000,54800000
The Vatican Tapes,7/25/2015,2015,Horror,Mark Neveldine,Kathleen Robertson,Michael Peña,Djimon Hounsou,Dougray Scott,John Patrick Amedori,13000000,13500000
Earth to Echo,6/14/2014,2014,Sci-Fi,Dave Green,Astro,Teo Halm,Reese Hartwig,Ella Wahlestedt,,13000000,45300000
The Call,3/15/2013,2013,Mystery,Brad Anderson,Abigail Breslin,Halle Berry,Morris Chestnut,Michael Eklund,Michael Imperioli,13000000,68600000
Eye in the Sky,9/11/2015,2015,Thriller,Gavin Hood,Helen Mirren,Aaron Paul,Alan Rickman,Barkhad Abdi,,13000000,32800000
Let's Be Cops,8/13/2014,2014,Action,Luke Greenfield,Jake Johnson,Damon Wayans,Jr.,,,17000000,138200000
Pitch Perfect,10/5/2012,2012,Comedy,Jason Moore,Anna Kendrick,Anna Camp,Rebel Wilson,Adam DeVine,Alexis Knapp,17000000,115400000
Evil Dead,4/5/2013,2013,Horror,Fede Alvarez,Jane Levy,Shiloh Fernandez,Lou Taylor Pucci,Jessica Lucas,Elizabeth Blackmore,17000000,97500000
The Shallows,6/21/2016,2016,Horror,Jaume Collet-Serra,Blake Lively,Óscar Jaenada,,,,17000000,93200000
Draft Day,4/7/2014,2014,Drama,Ivan Reitman,Kevin Costner,Jennifer Garner,Denis Leary,Frank Langella,Tom Welling,25000000,29500000
The Lucky One,4/20/2012,2012,Drama,Scott Hicks,Zac Efron,Taylor Schilling,Jay R. Ferguson,Riley Thomas Stewart,Adam Lefevre,25000000,99400000
Jane Got a Gun,1/29/2016,2016,Action,Gavin O'Connor,Natalie Portman,Joel Edgerton,Ewan McGregor,Rodrigo Santoro,Noah Emmerich,25000000,3000000
Ride Along,1/17/2014,2014,Action,Tim Story,Ice Cube,Kevin Hart,John Leguizamo,Bruce McGill,Tika Sumpter,25000000,154500000
The Grey,1/27/2012,2012,Action,Joe Carnahan,Liam Neeson,Frank Grillo,Dermot Mulroney,Dallas Roberts,,25000000,77300000
The Transporter Refueled,9/4/2015,2015,Action,Camille Delamarre,Ed Skrein,Ray Stevenson,Loan Chabanol,Gabriella Wright,,25000000,72600000
Mother's Day,4/13/2016,2016,Comedy,Garry Marshall,Jennifer Aniston,Julia Roberts,Kate Hudson,Timothy Olyphant,Jason Sudeikis,25000000,43800000
Parental Guidance,12/25/2012,2012,Comedy,Andy Fickman,Billy Crystal,Bette Midler,Marisa Tomei,Tom Everett Scott,Bailee Madison,25000000,119800000
The Night Before,11/20/2015,2015,Comedy,Jonathan Levine,Joseph Gordon-Levitt,Seth Rogen,Anthony Mackie,,,25000000,52400000
The Giver,8/11/2014,2014,Sci-Fi,Phillip Noyce,Jeff Bridges,Brenton Thwaites,Meryl Streep,Alexander Skarsgård,Katie Holmes,25000000,67000000
The Age of Adaline,4/24/2015,2015,Romance,Lee Toland Krieger,Blake Lively,Michiel Huisman,Harrison Ford,Ellen Burstyn,Amanda Crew,25000000,65700000
Shaun the Sheep Movie,1/24/2015,2015,Adventure,Mark Burton,Justin Fletcher,John Sparkes,,,,25000000,106000000
Pitch Perfect 2,4/20/2015,2015,Comedy,Elizabeth Banks,Anna Kendrick,Rebel Wilson,Hailee Steinfeld,Brittany Snow,Skylar Astin,29000000,287100000
The Boss,4/8/2016,2016,Comedy,Ben Falcone,Melissa McCarthy,Kristen Bell,Peter Dinklage,Tyler Labine,Kristen Schaal,29000000,78600000
Kung Fu Panda 3,1/23/2016,2016,Action,Jennifer Yuh Nelson,Jack Black,Angelina Jolie,Dustin Hoffman,Jackie Chan,Seth Rogen,145000000,519900000
Madagascar 3: Europe's Most Wanted,6/8/2012,2012,Comedy,Eric Darnell,Noah Baumbach(screenplay); Ben Stiller,Chris Rock,David Schwimmer,Jada Pinkett Smith,Sacha Baron Cohen,145000000,746900000
How to Train Your Dragon 2,5/16/2014,2014,Family,Dean DeBlois,Jay Baruchel,Gerard Butler,Craig Ferguson,America Ferrera,Jonah Hill,145000000,621500000
Mr. Peabody & Sherman,2/7/2014,2014,Family,Rob Minkoff,Ty Burrell,Max Charles,Stephen Colbert,Allison Janney,Ariel Winter,145000000,275700000
Rise of the Guardians,11/21/2012,2012,Adventure,Peter Ramsey,Chris Pine,Alec Baldwin,Hugh Jackman,Isla Fisher,Jude Law,145000000,306900000
Savages,7/6/2012,2012,Crime,Oliver Stone,Taylor Kitsch,Blake Lively,Aaron Johnson,John Travolta,Benicio del Toro,45000000,83000000
Step Up: All In,8/8/2014,2014,Drama,Trish Sie,Ryan Guzman,Briana Evigan,Alyson Stoner,Adam Sevani,Mari Koda,45000000,86200000
The Impossible,12/21/2012,2012,Drama,Juan Antonio Bayona,Naomi Watts,Ewan McGregor,,,,45000000,180300000
13 Hours: The Secret Soldiers of Benghazi,1/15/2016,2016,Action,Michael Bay,James Badge Dale,John Krasinski,Toby Stephens,Pablo Schreiber,Max Martini,45000000,69400000
The Last Stand,1/18/2013,2013,Action,Kim Ji-woon,Arnold Schwarzenegger,Forest Whitaker,Peter Stormare,Jaimie Alexander,Rodrigo Santoro,45000000,48300000
The Walk,9/30/2015,2015,Biography,Robert Zemeckis,Joseph Gordon-Levitt,Ben Kingsley,James Badge Dale,Charlotte Le Bon,,45000000,61200000
Independence Day: Resurgence,6/20/2016,2016,Action,Roland Emmerich,Jeff Goldblum,Bill Pullman,Sela Ward,Liam Hemsworth,Vivica A. Fox,165000000,382300000
Interstellar,10/26/2014,2014,Sci-Fi,Christopher Nolan,Matthew McConaughey,Anne Hathaway,Michael Caine,Jessica Chastain,Matt Damon,165000000,675100000
Concussion,12/25/2015,2015,Drama,Peter Landesman,Will Smith,Alec Baldwin,Gugu Mbatha-Raw,Albert Brooks,Paul Reiser,57000000,50300000
Ghost Rider: Spirit of Vengeance,2/17/2012,2012,Action,Mark Neveldine,Nicolas Cage,Idris Elba,Fergus Riordan,Ciarán Hinds,Violante Placido,57000000,132600000
Horrible Bosses 2,11/26/2014,2014,Comedy,Sean Anders,Jason Bateman,Charlie Day,Jason Sudeikis,Kevin Spacey,Jennifer Aniston,57000000,107700000
2 Guns,8/2/2013,2013,Action,Baltasar Kormákur,Mark Wahlberg,Denzel Washington,Paula Patton,Bill Paxton,Edward James Olmos,61000000,131900000
Maze Runner: The Scorch Trials,9/18/2015,2015,Sci-Fi,Wes Ball,Dylan O'Brien,Ki Hong Lee,Thomas Sangster,Kaya Scodelario,Patricia Clarkson,61000000,312300000
Les Misérables,12/25/2012,2012,Musical,Tom Hooper,Hugh Jackman,Russell Crowe,Eddie Redmayne,Colm Wilkinson,Anne Hathaway,61000000,441800000
Gone Girl,9/26/2014,2014,Mystery,David Fincher,Ben Affleck,Rosamund Pike,Neil Patrick Harris,Tyler Perry,Kim Dickens,61000000,369300000
Sin City: A Dame to Kill For,8/19/2014,2014,Crime,Frank Miller,Jessica Alba,Powers Boothe,Josh Brolin,Rosario Dawson,Joseph Gordon-Levitt,65000000,39400000
Lincoln,11/9/2012,2012,Drama,Steven Spielberg,Daniel Day-Lewis,David Strathairn,Hal Holbrook,Sally Field,Joseph Gordon-Levitt,65000000,275300000
Unbroken,11/17/2014,2014,Drama,Angelina Jolie,Jack O'Connell,Miyavi,Domhnall Gleeson,Garrett Hedlund,Jai Courtney,65000000,163400000
Dragon Blade,2/18/2015,2015,Action,Daniel Lee,Jackie Chan,Choi Siwon,John Cusack,Adrien Brody,James Lee Guy,65000000,120000000
Need for Speed,3/12/2014,2014,Action,Scott Waugh,Aaron Paul,Imogen Poots,Dominic Cooper,Michael Keaton,Ramón Rodríguez,65000000,203300000
Red Dawn,11/21/2012,2012,Action,Dan Bradley,Will Yun Lee,Chris Hemsworth,Josh Peck,Adrianne Palicki,Josh Hutcherson,65000000,48100000
Resident Evil: Retribution,9/14/2012,2012,Action,Paul W. S. Anderson,Milla Jovovich,Sienna Guillory,Colin Salmon,Boris Kodjoe,Michelle Rodriguez,65000000,240200000
Spy,5/15/2015,2015,Action,Paul Feig,Melissa McCarthy,Jason Statham,Rose Byrne,Miranda Hart,Bobby Cannavale,65000000,235700000
This Means War,2/17/2012,2012,Action,McG,Tom Hardy,Chris Pine,Reese Witherspoon,Chelsea Handler,Til Schweiger,65000000,156500000
Annie,12/7/2014,2014,Comedy,Will Gluck,Quvenzhané Wallis,Jamie Foxx,Cameron Diaz,Rose Byrne,Bobby Cannavale,65000000,133800000
The Dictator,5/16/2012,2012,Comedy,Larry Charles,Sacha Baron Cohen,Ben Kingsley,Anna Faris,Megan Fox,John C. Reilly,65000000,179400000
Safe House,2/10/2012,2012,Action,Daniel Espinosa,Denzel Washington,Ryan Reynolds,Sam Shepard,Robert Patrick,Liam Cunningham,85000000,208100000
Divergent,3/18/2014,2014,Sci-Fi,Neil Burger,Shailene Woodley,Kate Winslet,Theo James,Ansel Elgort,Zoë Kravitz,85000000,288900000
Hotel Transylvania,9/28/2012,2012,Fantasy,Genndy Tartakovsky,Adam Sandler,Selena Gomez,Andy Samberg,Kevin James,Fran Drescher,85000000,358400000
Mirror Mirror,3/30/2012,2012,Fantasy,Tarsem Singh,Lily Collins,Julia Roberts,Armie Hammer,Nathan Lane,Robert Emms,85000000,183000000
Son of Saul,5/15/2015,2015,Drama,László Nemes,Géza Röhrig,,,,,1500000,6200000
Declaration of War,1/27/2012,2012,Romance,Valérie Donzelli,Valérie Donzelli (director),,,,,1500000,6500000
Red Tails,1/20/2012,2012,Drama,Anthony Hemingway,Cuba Gooding Jr.,Nate Parker,David Oyelowo,Daniela Ruah,Terrence Howard,58000000,50400000
Deadpool,2/8/2016,2016,Action,Tim Miller,Ryan Reynolds,Gina Carano,T. J. Miller,Ed Skrein,Morena Baccarin,58000000,782600000
The Internship,6/7/2013,2013,Comedy,Shawn Levy,Vince Vaughn,Owen Wilson,Dylan O'Brien,Rose Byrne,Jessica Szohr,58000000,93000000
Edge of Tomorrow,5/28/2014,2014,Action,Doug Liman,Tom Cruise,Emily Blunt,,,,178000000,370500000
X-Men: Apocalypse,5/9/2016,2016,Action,Bryan Singer,James McAvoy,Michael Fassbender,Jennifer Lawrence,Oscar Isaac,Nicholas Hoult,178000000,544600000
Dracula Untold,10/10/2014,2014,Drama,Gary Shore,Luke Evans,Sarah Gadon,William Houston,Dominic Cooper,Samantha Barks,70000000,217100000
The Monuments Men,2/7/2014,2014,Drama,George Clooney,George Clooney,Matt Damon,Bill Murray,John Goodman,Jean Dujardin,70000000,155000000
Blackhat,1/8/2015,2015,Action,Michael Mann,Chris Hemsworth,Viola Davis,John Ortiz,Yorick van Wageningen,Tang Wei,70000000,19700000
Olympus Has Fallen,3/22/2013,2013,Action,Antoine Fuqua,Gerard Butler,Aaron Eckhart,Morgan Freeman,Rick Yune,Dylan McDermott,70000000,161000000
The Legend of Hercules,1/10/2014,2014,Action,Renny Harlin,Kellan Lutz,Gaia Weiss,Scott Adkins,Roxanne McKee,Liam Garrigan,70000000,61300000
Dr. Seuss' The Lorax,3/2/2012,2012,Family,Chris Renaud,Danny DeVito,Zac Efron,Taylor Swift,Ed Helms,Rob Riggle,70000000,348800000
Pacific Rim,7/12/2013,2013,Action,Guillermo del Toro,Charlie Hunnam,Ellen McLain,Idris Elba,Charlie Day,Rinko Kikuchi,190000000,411000000
World War Z,6/21/2013,2013,Action,Marc Forster,Brad Pitt,Mireille Enos,James Badge Dale,Daniella Kertesz,Matthew Fox,190000000,540000000
The Hunger Games,3/23/2012,2012,Action,Gary Ross,Jennifer Lawrence,Josh Hutcherson,Liam Hemsworth,Wes Bentley,Elizabeth Banks,78000000,694400000
Cloudy with a Chance of Meatballs 2,9/27/2013,2013,Family,Cody Cameron,Anna Faris,Bill Hader,Andy Samberg,Kristen Schaal,James Caan,78000000,274300000
The Expendables 3,8/4/2014,2014,Action,Patrick Hughes,Sylvester Stallone,Arnold Schwarzenegger,Harrison Ford,Mel Gibson,Jason Statham,90000000,206200000
The Last Witch Hunter,10/23/2015,2015,Action,Breck Eisner,Vin Diesel,Michael Caine,Rose Leslie,Elijah Wood,,90000000,140400000
Alvin and the Chipmunks: The Road Chip,12/18/2015,2015,Comedy,Walt Becker,Jason Lee,Tony Hale,Kimberly Williams-Paisley,Josh Green,Bella Thorne,90000000,234800000
Now You See Me 2,6/6/2016,2016,Thriller,Jon M. Chu,Mark Ruffalo,Jesse Eisenberg,Woody Harrelson,Dave Franco,Lizzy Caplan,90000000,320900000
Percy Jackson: Sea of Monsters,8/7/2013,2013,Adventure,Thor Freudenthal,Logan Lerman,Alexandra Daddario,Douglas Smith,Mary Birdsong,Yvette Nicole Brown,90000000,202200000
300: Rise of an Empire,3/4/2014,2014,Action,Noam Murro,Rodrigo Santoro,Eva Green,Sullivan Stapleton,Hans Matheson,Lena Headey,110000000,337600000
The Divergent Series: Insurgent,3/19/2015,2015,Sci-Fi,Robert Schwentke,Shailene Woodley,Kate Winslet,Theo James,Ansel Elgort,Naomi Watts,110000000,297300000
The Divergent Series: Allegiant,3/18/2016,2016,Adventure,Robert Schwentke,Shailene Woodley,Theo James,Naomi Watts,Jeff Daniels,Ansel Elgort,110000000,179200000
Captive,9/18/2015,2015,Crime,Jerry Jameson,David Oyelowo,Kate Mara,Michael K. Williams,Leonor Varela,Jessica Oyelowo,2000000,2800000
Hit and Run,8/22/2012,2012,Action,Dax Shepard,Dax Shepard,Kristen Bell,Bradley Cooper,Tom Arnold,Kristin Chenoweth,2000000,14500000
God's Not Dead,3/21/2014,2014,Religious,Harold Cronk,Willie Robertson,David A. R. White,Shane Harper,Kevin Sorbo,Korie Robertson,2000000,62600000
Wish I Was Here,1/18/2014,2014,Drama,Zach Braff,Zach Braff,Kate Hudson,Jim Parsons,Mandy Patinkin,Ashley Greene,6000000,5500000
The Lady in the Van,12/4/2015,2015,Comedy,Nicholas Hytner,Maggie Smith,Alex Jennings,Jim Broadbent,Frances de la Tour,Roger Allam,6000000,41400000
Veronica Mars,3/14/2014,2014,Mystery,Rob Thomas,Kristen Bell,Jason Dohring,Krysten Ritter,Ryan Hansen,Francis Capra,6000000,3500000
By the Sea,11/5/2015,2015,Drama,Angelina Jolie,Angelina Jolie,Brad Pitt,Mélanie Laurent,Niels Arestrup,Melvil Poupaud,10000000,3300000
Cesar Chavez,2/12/2014,2014,Drama,Diego Luna,Michael Peña,America Ferrera,Rosario Dawson,John Malkovich,,10000000,6700000
Mud,4/26/2013,2013,Drama,Jeff Nichols,Matthew McConaughey,Reese Witherspoon,Michael Shannon,Sarah Paulson,Sam Shepard,10000000,32600000
The Iceman,5/3/2013,2013,Drama,Ariel Vromen,Morgan Land (screenplay),Michael Shannon,Winona Ryder,Chris Evans,Ray Liotta,10000000,4400000
Danny Collins,3/20/2015,2015,Comedy,Dan Fogelman,Al Pacino,Annette Bening,Jennifer Garner,Bobby Cannavale,Christopher Plummer,10000000,8200000
Friends with Kids,3/9/2012,2012,Comedy,Jennifer Westfeldt,Adam Scott,Jennifer Westfeldt,Jon Hamm,Kristen Wiig,Maya Rudolph,10000000,12200000
The Best Exotic Marigold Hotel ₪,5/4/2012,2012,Comedy,John Madden,Judi Dench,Bill Nighy,Dev Patel,Tom Wilkinson,Maggie Smith,10000000,136800000
The Second Best Exotic Marigold Hotel,2/26/2015,2015,Comedy,John Madden,Judi Dench,Bill Nighy,Maggie Smith,Richard Gere,Celia Imrie,10000000,86000000
Paranormal Activity: The Ghost Dimension,10/23/2015,2015,Horror,Gregory Plotkin,Katie Featherston,Tyler Craig,,,,10000000,78100000
Sinister 2,8/21/2015,2015,Horror,Ciaran Foy,James Ransone,Shannyn Sossamon,,,,10000000,52900000
The Boy,1/22/2016,2016,Horror,William Brent Bell,Lauren Cohan,Rupert Evans,Jim Norton,Diana Hardcastle,,10000000,64200000
The Collection,11/30/2012,2012,Horror,Marcus Dunstan,Josh Stewart,Emma Fitzpatrick,,,,10000000,8900000
The Forest,1/8/2016,2016,Horror,Jason Zada,Natalie Dormer,Taylor Kinney,,,,10000000,37600000
The Purge: Election Year,7/1/2016,2016,Horror,James DeMonaco,Frank Grillo,Betty Gabriel,Edwin Hodge,Kyle Secor,Joseph Julian Soria,10000000,105600000
Big Eyes,12/25/2014,2014,Biography,Tim Burton,Amy Adams,Christoph Waltz,Krysten Ritter,Danny Huston,Terence Stamp,10000000,29300000
One Direction: This Is Us,8/29/2013,2013,Documentary,Morgan Spurlock,Harry Styles,Niall Horan,Louis Tomlinson,Zayn Malik,Liam Payne,10000000,68500000
Suffragette,9/4/2015,2015,Drama,Sarah Gavron,Carey Mulligan,Helena Bonham Carter,Meryl Streep,Ben Whishaw,Brendan Gleeson,14000000,32000000
The Imitation Game,8/29/2014,2014,Drama,Morten Tyldum,Benedict Cumberbatch,Keira Knightley,Matthew Goode,Rory Kinnear,Allen Leech,14000000,233600000
Fun Size,10/26/2012,2012,Comedy,Josh Schwartz,Victoria Justice,Jane Levy,Thomas McDonell,Thomas Mann,Chelsea Handler,14000000,11400000
The Possession,8/31/2012,2012,Horror,Ole Bornedal,Jeffrey Dean Morgan,Kyra Sedgwick,,,,14000000,78500000
Good Deeds,2/24/2012,2012,Romance,Tyler Perry,Tyler Perry,Thandie Newton,Rebecca Romijn,Brian J. White,Jamie Kennedy,14000000,35600000
Ant-Man,6/29/2015,2015,Action,Peyton Reed,Paul Rudd,Evangeline Lilly,Corey Stoll,Bobby Cannavale,Michael Peña,130000000,519400000
G.I. Joe: Retaliation,3/27/2013,2013,Action,Jon Chu,Channing Tatum,Ray Park,Dwayne Johnson,Bruce Willis,Elodie Yung,130000000,375700000
R.I.P.D.,7/19/2013,2013,Action,Robert Schwentke,Ryan Reynolds,Jeff Bridges,Kevin Bacon,Stephanie Szostak,Mary-Louise Parker,130000000,78300000
After Earth,5/31/2013,2013,Sci-Fi,M. Night Shyamalan,Jaden Smith,Will Smith,Isabelle Fuhrman,Zoe Kravitz,,130000000,243800000
Prometheus,6/8/2012,2012,Sci-Fi,Ridley Scott,Noomi Rapace,Michael Fassbender,Charlize Theron,Idris Elba,Guy Pearce,130000000,403400000
Blue Jasmine,7/26/2013,2013,Drama,Woody Allen,Alec Baldwin,Cate Blanchett,Bobby Cannavale,Louis C.K.,Andrew Dice Clay,18000000,97500000
Getaway,8/30/2013,2013,Action,Courtney Solomon,Ethan Hawke,Selena Gomez,Jon Voight,James Maslow,,18000000,11800000
Raiders of the Lost Ark: The IMAX Experience,9/7/2012,2012,Action,Steven Spielberg,Harrison Ford,John Rhys-Davies,Karen Allen,Paul Freeman,Alfred Molina,18000000,389900000
Neighbors,3/8/2014,2014,Comedy,Nicholas Stoller,Seth Rogen,Zac Efron,Rose Byrne,Christopher Mintz-Plasse,Dave Franco,18000000,270700000
Ricki and the Flash,8/7/2015,2015,Comedy,Jonathan Demme,Meryl Streep,Kevin Kline,Mamie Gummer,Audra McDonald,Sebastian Stan,18000000,41300000
Midnight Special,2/12/2016,2016,Sci-Fi,Jeff Nichols,Michael Shannon,Kirsten Dunst,Adam Driver,Joel Edgerton,Sam Shepard,18000000,6200000
My Big Fat Greek Wedding 2,3/25/2016,2016,Romance,Kirk Jones,Nia Vardalos,John Corbett,Ian Gomez,Elena Kampouris,,18000000,88900000
The Perfect Guy,9/2/2015,2015,Thriller,David M. Rosenthal,Sanaa Lathan,Michael Ealy,Morris Chestnut,,,18000000,60300000
Son of God,2/28/2014,2014,Drama,Christopher Spencer,Diogo Morgado,Roma Downey,Darwin Shaw,,,22000000,67800000
The Hundred-Foot Journey,8/8/2014,2014,Drama,Lasse Hallström,Helen Mirren,Manish Dayal,,,,22000000,88900000
Diary of a Wimpy Kid: Dog Days,8/3/2012,2012,Comedy,David Bowers,Zachary Gordon,Robert Capron,Rachael Harris,Devon Bostick,Steve Zahn,22000000,77100000
"Hail, Caesar!",2/5/2016,2016,Comedy,Joel and Ethan Coen,Josh Brolin,George Clooney,Alden Ehrenreich,Ralph Fiennes,Jonah Hill,22000000,22000000
Before I Go to Sleep,9/4/2014,2014,Mystery,Rowan Joffé,Nicole Kidman,Mark Strong,Colin Firth,Anne-Marie Duff,,22000000,15100000
Batman v Superman: Dawn of Justice,3/19/2016,2016,Action,Zack Snyder,Ben Affleck,Henry Cavill,Amy Adams,Jesse Eisenberg,Diane Lane,250000000,872700000
The Hobbit: The Battle of the Five Armies,12/1/2014,2014,Adventure,Peter Jackson,Ian McKellen,Martin Freeman,Richard Armitage,Evangeline Lilly,Luke Evans,250000000,956000000
Self/less,7/10/2015,2015,Drama,Tarsem Singh,Ryan Reynolds,Ben Kingsley,Natalie Martinez,Victor Garber,Matthew Goode,26000000,30500000
The 33,8/6/2015,2015,Drama,Patricia Riggen,Antonio Banderas,Rodrigo Santoro,Juliette Binoche,James Brolin,Lou Diamond Phillips,26000000,24900000
Pain & Gain,4/26/2013,2013,Action,Michael Bay,Mark Wahlberg,Dwayne Johnson,Ed Harris,Ken Jeong,Anthony Mackie,26000000,86200000
The Raven,4/27/2012,2012,Thriller,James McTeigue,John Cusack,Alice Eve,Luke Evans,Brendan Gleeson,Oliver Jackson-Cohen,26000000,29700000
"Runner, Runner",9/27/2013,2013,Crime,Brad Furman,Ben Affleck,Justin Timberlake,Gemma Arterton,Anthony Mackie,,30000000,30000000
Sicario,5/19/2015,2015,Crime,Denis Villeneuve,Emily Blunt,Benicio del Toro,Josh Brolin,Jon Bernthal,,30000000,84900000
Side Effects,2/8/2013,2013,Crime,Steven Soderbergh,Rooney Mara,Jude Law,Channing Tatum,Catherine Zeta-Jones,Vinessa Shaw,30000000,66700000
The Family,9/13/2013,2013,Crime,Luc Besson,Robert De Niro,Michelle Pfeiffer,Dianna Agron,Tommy Lee Jones,Vincent Pastore,30000000,78400000
Get on Up,8/1/2014,2014,Drama,Tate Taylor,Chadwick Boseman,Nelsan Ellis,Brandon Mychal Smith,Jill Scott,Tika Sumpter,30000000,33400000
Southpaw,6/15/2015,2015,Drama,Antoine Fuqua,Jake Gyllenhaal,Rachel McAdams,Naomie Harris,Forest Whitaker,Victor Ortiz,30000000,92000000
The Butler,8/16/2013,2013,Drama,Lee Daniels,Forest Whitaker,Oprah Winfrey,David Oyelowo,Liam Neeson,John Cusack,30000000,176600000
Dead Man Down,3/8/2013,2013,Action,Niels Arden Oplev,Colin Farrell,Noomi Rapace,Dominic Cooper,Terrence Howard,Wade Barrett,30000000,18100000
Looper,9/28/2012,2012,Action,Rian Johnson,Joseph Gordon-Levitt,Bruce Willis,Emily Blunt,Paul Dano,Noah Segan,30000000,176500000
Vampire Academy,2/7/2014,2014,Action,Mark Waters,Zoey Deutch,Lucy Fry,Danila Kozlovsky,,,30000000,15400000
Nine Lives,8/5/2016,2016,Comedy,Barry Sonnenfeld,Kevin Spacey,Robbie Amell,Jennifer Garner,Christopher Walken,Malina Weissman,30000000,19100000
Sisters,12/18/2015,2015,Comedy,Jason Moore,Amy Poehler,Tina Fey,John Cena,Maya Rudolph,,30000000,105000000
The Five-Year Engagement,4/27/2012,2012,Comedy,Nicholas Stoller,Jason Segel,Emily Blunt,Chris Pratt,Alison Brie,Rhys Ifans,30000000,53900000
The Three Stooges,4/13/2012,2012,Comedy,Bobby Farrelly,Chris Diamantopoulos,Sean Hayes,Will Sasso,Jane Lynch,Larry David,30000000,54800000
Deliver Us from Evil,7/2/2014,2014,Horror,Scott Derrickson,Eric Bana,Édgar Ramírez,Olivia Munn,Joel McHale,,30000000,87900000
The Cabin in the Woods,4/13/2012,2012,Horror,Drew Goddard,Richard Jenkins,Bradley Whitford,Jesse Williams,Chris Hemsworth,Kristen Connolly,30000000,66500000
Hope Springs,8/8/2012,2012,Romance,David Frankel,Meryl Streep,Tommy Lee Jones,Steve Carell,Mimi Rogers,Elisabeth Shue,30000000,114300000
Zhong Kui: Snow Girl and the Dark Crystal,2/19/2015,2015,Romance,Peter Pau,Li Bingbing,Chen Kun,Yang Zishan,Winston Chao,Bao Bei'er,30000000,64470000
Steve Jobs,9/5/2015,2015,Biography,Danny Boyle,Michael Fassbender,Seth Rogen,Kate Winslet,Jeff Daniels,Katherine Waterston,30000000,34400000
The Incredible Burt Wonderstone,3/15/2013,2013,Comedy,Don Scardino,Steve Carell,Jim Carrey,Steve Buscemi,Olivia Wilde,James Gandolfini,34000000,27400000
The Maze Runner,9/19/2014,2014,Sci-Fi,Wes Ball,Dylan O'Brien,Will Poulter,Thomas Sangster,Aml Ameen,Kaya Scodelario,34000000,348300000
Mad Max: Fury Road,5/7/2015,2015,Action,George Miller,Tom Hardy,Charlize Theron,Hugh Keays-Byrne,Nicholas Hoult,Rosie Huntington-Whiteley,150000000,378400000
Mission: Impossible – Rogue Nation,7/23/2015,2015,Action,Christopher McQuarrie,Tom Cruise,Jeremy Renner,Simon Pegg,Ving Rhames,Rebecca Ferguson,150000000,682300000
White House Down,6/28/2013,2013,Action,Roland Emmerich,Channing Tatum,Jamie Foxx,Maggie Gyllenhaal,James Woods,Richard Jenkins,150000000,205000000
Wrath of the Titans,3/30/2012,2012,Action,Jonathan Liebesman,Sam Worthington,Liam Neeson,Ralph Fiennes,Edgar Ramirez,Rosamund Pike,150000000,305300000
Dark Shadows,5/11/2012,2012,Comedy,Tim Burton,Johnny Depp,Michelle Pfeiffer,Helena Bonham Carter,Eva Green,Jackie Earle Haley,150000000,245500000
Pan,9/30/2015,2015,Fantasy,Joe Wright,Hugh Jackman,Garrett Hedlund,Rooney Mara,Amanda Seyfried,Levi Miller,150000000,128400000
Man on a Ledge,1/27/2012,2012,Action,Asger Leth,Sam Worthington,Ed Harris,Elizabeth Banks,Jamie Bell,Kyra Sedgwick,42000000,46200000
Here Comes the Boom,10/12/2012,2012,Comedy,Frank Coraci,Kevin James,Salma Hayek,Henry Winkler,Joe Rogan,,42000000,73100000
Child 44,4/17/2015,2015,Drama,Daniel Espinosa,Tom Hardy,Gary Oldman,Joel Kinnaman,Noomi Rapace,Jason Clarke,50000000,13000000
Free State of Jones,6/16/2016,2016,Drama,Gary Ross,Matthew McConaughey,Gugu Mbatha-Raw,Keri Russell,Mahershala Ali,,50000000,21200000
Central Intelligence,6/10/2016,2016,Action,Rawson Marshall Thurber,Dwayne Johnson,Kevin Hart,Amy Ryan,Aaron Paul,,50000000,212200000
Hansel and Gretel: Witch Hunters,1/17/2013,2013,Action,Tommy Wirkola,Jeremy Renner,Gemma Arterton,Zoe Bell,Famke Janssen,Peter Stormare,50000000,226300000
American Reunion,4/6/2012,2012,Comedy,Jon Hurwitz,Alyson Hannigan,Seann William Scott,Tara Reid,Jason Biggs,Eugene Levy,50000000,235000000
Dumb and Dumber To,11/14/2014,2014,Comedy,Peter Farrelly,Jim Carrey,Jeff Daniels,Kathleen Turner,Laurie Holden,,50000000,169800000
The Judge,9/4/2014,2014,Comedy,David Dobkin,Robert Downey,Jr.,Robert Duvall,Vera Farmiga,Billy Bob Thornton,50000000,84400000
Zoolander 2,2/12/2016,2016,Comedy,Ben Stiller,Ben Stiller,Owen Wilson,Christine Taylor,Will Ferrell,Penélope Cruz,50000000,56000000
The Book of Life,10/12/2014,2014,Family,Jorge R. Gutierrez,Christina Applegate,Diego Luna,Zoe Saldana,Channing Tatum,,50000000,99800000
Non-Stop,1/27/2014,2014,Thriller,Jaume Collet-Serra,Liam Neeson,Julianne Moore,Lupita Nyong'o,Nate Parker,Michelle Dockery,50000000,222800000
Into the Storm,8/8/2014,2014,Adventure,Steven Quale,Richard Armitage,Jeremy Sumpter,Sarah Wayne Callies,Nathan Kress,,50000000,161700000
Straight Outta Compton,8/11/2015,2015,Biography,F. Gary Gray,O'Shea Jackson,Jr.,Corey Hawkins,Jason Mitchell,Aldis Hodge,50000000,201600000
Captain America: The Winter Soldier,3/13/2014,2014,Action,Anthony Russo,Chris Evans,Scarlett Johansson,Sebastian Stan,Anthony Mackie,Cobie Smulders,170000000,714400000
Snow White and the Huntsman,6/1/2012,2012,Action,Rupert Sanders,Charlize Theron,Kristen Stewart,Chris Hemsworth,Sam Spruell,Ian McShane,170000000,396600000
The Spectacular Now,8/2/2013,2013,Drama,James Ponsoldt,Miles Teller,Shailene Woodley,Kaitlyn Dever,Brie Larson,Dayo Okeniyi,2500000,6900000
A Haunted House,1/11/2013,2013,Comedy,Michael Tiddes,Marlon Wayans,Nick Swardson,David Koechner,Essence Atkins,Cedric the Entertainer,2500000,60100000
Robot & Frank,8/17/2012,2012,Comedy,Jake Schreier,Frank Langella,Susan Sarandon,James Marsden,Liv Tyler,Peter Sarsgaard,2500000,4900000
The East,5/31/2013,2013,Crime,Zal Batmanglij,Brit Marling,Alexander Skarsgard,Ellen Page,Julia Ormond,Patricia Clarkson,6500000,2400000
Annabelle,9/26/2014,2014,Horror,John R. Leonetti,Annabelle Wallis,Alfre Woodard,Eric Ladin,Brian Howe,,6500000,256900000
Whiplash,1/16/2014,2014,Drama,Damien Chazelle,J. K. Simmons,Miles Teller,Paul Reiser,Melissa Benoist,,3300000,49000000
The Lazarus Effect,2/27/2015,2015,Horror,David Gelb,Olivia Wilde,Mark Duplass,Donald Glover,,,3300000,38400000
Flight,11/2/2012,2012,Drama,Robert Zemeckis,Denzel Washington,Brian Geraghty,Nadine Velazquez,Bruce Greenwood,John Goodman,31000000,161800000
Vacation,7/29/2015,2015,Adventure,John Francis Daley,Ed Helms,Christina Applegate,Leslie Mann,Chris Hemsworth,Charlie Day,31000000,104900000
Alex Cross,10/19/2012,2012,Crime,Rob Cohen,Tyler Perry,Matthew Fox,Rachel Nichols,Edward Burns,Jean Reno,35000000,34600000
Parker,1/25/2013,2013,Crime,Taylor Hackford,Jason Statham,Jennifer Lopez,Bobby Cannavale,Clifton Collins,Jr.,35000000,48500000
Whiskey Tango Foxtrot,3/4/2016,2016,Drama,Glenn Ficarra,Tina Fey,Margot Robbie,Martin Freeman,Billy Bob Thornton,Alfred Molina,35000000,24900000
Hitman: Agent 47,8/21/2015,2015,Action,Aleksander Bach,Rupert Friend,Zachary Quinto,Hannah Ware,Thomas Kretschmann,,35000000,82300000
Hot Pursuit,5/8/2015,2015,Action,Anne Fletcher,Reese Witherspoon,Sofía Vergara,Jim Gaffigan,John Carroll Lynch,,35000000,51700000
Identity Thief,2/8/2013,2013,Action,Seth Gordon,Jason Bateman,Melissa McCarthy,Amanda Peet,John Cho,Clark Duke,35000000,174000000
Premium Rush,8/24/2012,2012,Action,David Koepp,Joseph Gordon-Levitt,Michael Shannon,Dania Ramirez,Wole Parks,Jamie Chung,35000000,31100000
Sabotage,3/19/2014,2014,Action,David Ayer,Arnold Schwarzenegger,Mireille Enos,Sam Worthington,Joe Manganiello,Olivia Williams,35000000,17500000
Neighbors 2: Sorority Rising,5/20/2016,2016,Comedy,Nicholas Stoller,Seth Rogen,Zac Efron,Rose Byrne,Chloë Grace Moretz,Dave Franco,35000000,107900000
Unfinished Business,3/6/2015,2015,Comedy,Ken Scott,Vince Vaughn,Tom Wilkinson,Dave Franco,Sienna Miller,Nick Frost,35000000,14400000
Wanderlust,2/24/2012,2012,Comedy,David Wain,Paul Rudd,Jennifer Aniston,Malin Akerman,Justin Theroux,Ken Marino,35000000,24200000
Warm Bodies,2/1/2013,2013,Comedy,Jonathan Levine,Nicholas Hoult,Teresa Palmer,Rob Corddry,John Malkovich,Analeigh Tipton,35000000,117000000
Poltergeist,5/22/2015,2015,Horror,Gil Kenan,Sam Rockwell,Jared Harris,Rosemarie DeWitt,Saxon Sharbino,Kyle Catlett,35000000,95400000
The 5th Wave,1/22/2016,2016,Sci-Fi,J Blakeson,Chloë Grace Moretz,Nick Robinson,Alex Roe,Liev Schreiber,Maika Monroe,35000000,110700000
Stand by Me Doraemon,8/8/2014,2014,Animation,Takashi Yamazaki,Wasabi Mizuta,Megumi Ohara,Yumi Kakazu,Tomokazu Seki,Subaru Kimura,35000000,196400000
Taken 2,10/5/2012,2012,Action,Olivier Megaton,Liam Neeson,Famke Janssen,Maggie Grace,Rade Sherbedgia,Luke Grimes,43000000,376100000
The Heat,6/28/2013,2013,Action,Paul Feig,Sandra Bullock,Melissa McCarthy,Kaitlin Olson,Tony Hale,Demian Bichir,43000000,229900000
Bullet to the Head,2/1/2013,2013,Crime,Walter Hill,Sylvester Stallone,Sung Kang,Sarah Shahi,Adewale Akinnuoye-Agbaje,Religious Slater,55000000,21900000
21 Jump Street,3/16/2012,2012,Comedy,Phil Lord,Jonah Hill,Channing Tatum,Ice Cube,Brie Larson,Rob Riggle,55000000,201500000
The Pirates! Band of Misfits,4/27/2012,2012,Comedy,Peter Lord,Hugh Grant,Salma Hayek,Jeremy Piven,Imelda Staunton,David Tennant,55000000,123000000
Crimson Peak,10/16/2015,2015,Horror,Guillermo del Toro,Mia Wasikowska,Tom Hiddleston,Charlie Hunnam,Jessica Chastain,Jim Beaver,55000000,74700000
The Equalizer,9/7/2014,2014,Thriller,Antoine Fuqua,Denzel Washington,Chloë Grace Moretz,Marton Csokas,David Harbour,Bill Pullman,55000000,192300000
Now You See Me,5/31/2013,2013,Crime,Louis Leterrier,Jesse Eisenberg,Isla Fisher,Morgan Freeman,Woody Harrelson,Mark Ruffalo,75000000,351700000
Gangster Squad,1/11/2013,2013,Action,Ruben Fleischer,Ryan Gosling,Emma Stone,Sean Penn,Josh Brolin,Robert Patrick,75000000,105200000
The Man from U.N.C.L.E.,8/7/2015,2015,Action,Guy Ritchie,Henry Cavill,Armie Hammer,Elizabeth Debicki,Alicia Vikander,Hugh Grant,75000000,109800000
Rock of Ages,6/15/2012,2012,Musical,Adam Shankman,Julianne Hough,Diego Boneta,Tom Cruise,Alec Baldwin,Russell Brand,75000000,59400000
The Secret Life of Pets,7/8/2016,2016,Adventure,Chris Renaud,Louis C.K.,Eric Stonestreet,Kevin Hart,Albert Brooks,Hannibal Buress,75000000,724900000
The Campaign,8/10/2012,2012,Comedy,Jay Roach,Will Ferrell,Zach Galifianakis,Jason Sudeikis,Katherine LaNasa,Dylan McDermott,95000000,104900000
Seventh Son,12/17/2014,2014,Fantasy,Sergei Bodrov,Sergei Bodrov (director) Ben Barnes,Jeff Bridges,Julianne Moore,Alicia Vikander,Kit Harington,95000000,114200000
Ice Age: Continental Drift,7/13/2012,2012,Adventure,Steve Martino,Ray Romano,John Leguizamo,Denis Leary,Queen Latifah,Seann William Scott,95000000,877000000
The Hangover Part III,5/23/2013,2013,Comedy,Todd Phillips,Bradley Cooper,Zach Galifianakis,Ed Helms,Justin Bartha,Ken Jeong,103000000,362000000
Rio 2,3/20/2014,2014,Family,Carlos Saldanha,Jesse Eisenberg,Anne Hathaway,Leslie Mann,Bruno Mars,Jemaine Clement,103000000,500100000
Elysium,8/9/2013,2013,Sci-Fi,Neill Blomkamp,Matt Damon,Jodie Foster,Sharlto Copley,Wagner Moura,Alice Braga,115000000,286100000
The Huntsman: Winter's War,4/22/2016,2016,Fantasy,Cedric Nicolas-Troyan,Chris Hemsworth,Charlize Theron,Emily Blunt,Jessica Chastain,Nick Frost,115000000,164600000
Frances Ha,5/17/2013,2013,Drama,Noah Baumbach,Greta Gerwig,Charlotte d'Amboise,Adam Driver,Grace Gummer,Patrick Heusinger,3000000,11300000
War Room,8/28/2015,2015,Drama,Alex Kendrick,Alex Kendrick,Priscilla Shirer,T.C. Stallings,Beth Moore,Karen Abercrombie,3000000,73700000
Sinister,10/12/2012,2012,Horror,Scott Derrickson,Ethan Hawke,Juliet Rylance,Fred Thompson,Vincent D'Onofrio,,3000000,77700000
The Witch,1/27/2016,2016,Horror,Robert Eggers,Anya Taylor-Joy,Ralph Ineson,Kate Dickie,,,3000000,40400000
Tusk,9/6/2014,2014,Horror,Kevin Smith,Michael Parks,Justin Long,Haley Joel Osment,Génesis Rodríguez,Johnny Depp,3000000,1900000
The Purge,5/31/2013,2013,Sci-Fi,James DeMonaco,Ethan Hawke,Lena Headey,Max Burkholder,Tony Oller,Edwin Hodge,3000000,89300000
End of Watch,9/21/2012,2012,Action,David Ayer,Jake Gyllenhaal,Michael Peña,Anna Kendrick,Frank Grillo,America Ferrera,7000000,48100000
Devil's Due,1/17/2014,2014,Horror,Matt Bettinelli-Olpin,Allison Miller,Zach Gilford,Sam Anderson,Aimee Carrero,Vanessa Ray,7000000,36900000
Beyond the Lights,9/6/2014,2014,Romance,Gina Prince-Bythewood,Gugu Mbatha-Raw,Nate Parker,Minnie Driver,Danny Glover,,7000000,14600000
Brooklyn,1/26/2015,2015,Drama,John Crowley,Saoirse Ronan,Emory Cohen,Domhnall Gleeson,Jim Broadbent,Julie Walters,11000000,62100000
If I Stay,8/18/2014,2014,Drama,R. J. Cutler,Chloë Grace Moretz,Mireille Enos,Lauren Lee Smith,Liana Liberato,Jamie Blackley,11000000,78900000
Woman in Gold,4/1/2015,2015,Drama,Simon Curtis,Helen Mirren,Ryan Reynolds,Daniel Brühl,Katie Holmes,Tatiana Maslany,11000000,61600000
Chef,3/7/2014,2014,Comedy,Jon Favreau,Jon Favreau,Sofía Vergara,Scarlett Johansson,John Leguizamo,Robert Downey,11000000,46000000
Insidious: Chapter 3,6/5/2015,2015,Horror,Leigh Whannell,Dermot Mulroney,Stefanie Scott,Angus Sampson,Leigh Whannell,Lin Shaye,11000000,113000000
Irrational Man,5/16/2015,2015,Mystery,Woody Allen,Joaquin Phoenix,Emma Stone,Parker Posey,Jamie Blackley,,11000000,27400000
Night at the Museum: Secret of the Tomb,12/11/2014,2014,Comedy,Shawn Levy,Ben Stiller,Robin Williams,Dan Stevens,Owen Wilson,Ricky Gervais,127000000,363200000
Turbo,7/17/2013,2013,Comedy,David Soren,Ryan Reynolds,Paul Giamatti,Michael Peña,Luis Guzmán,Bill Hader,127000000,282600000
Killing Them Softly,11/30/2012,2012,Crime,Andrew Dominik,Brad Pitt,Vincent Curatola,Scoot McNairy,Ben Mendelsohn,Ray Liotta,15000000,37900000
The Place Beyond the Pines,3/29/2013,2013,Crime,Derek Cianfrance,Ryan Gosling,Bradley Cooper,Rose Byrne,Eva Mendes,Ray Liotta,15000000,47000000
Promised Land,12/28/2012,2012,Drama,Gus Van Sant,Matt Damon,John Krasinski,Rosemarie DeWitt,Frances McDormand,,15000000,8100000
Romeo and Juliet,7/26/2013,2013,Drama,Carlo Carlei,Hailee Steinfeld,Douglas Booth,Damian Lewis,Natascha McElhone,Lesley Manville,15000000,3000000
The Danish Girl,9/5/2015,2015,Drama,Tom Hooper,Eddie Redmayne,Alicia Vikander,Matthias Schoenaerts,Ben Whishaw,,15000000,64200000
Trumbo,9/12/2015,2015,Drama,Jay Roach,Bryan Cranston,Diane Lane,Helen Mirren,John Goodman,Elle Fanning,15000000,8200000
Wild,8/29/2014,2014,Drama,Jean-Marc Vallée,Reese Witherspoon,Gaby Hoffmann,Michiel Huisman,Charles Baker,,15000000,52500000
Snitch,2/22/2013,2013,Action,Ric Roman Waugh,Dwayne Johnson,Susan Sarandon,Benjamin Bratt,Barry Pepper,,15000000,57800000
Top Gun 3D,2/8/2013,2013,Action,Tony Scott,Tom Cruise,Kelly McGillis,Val Kilmer,James Tolkan,Tom Skerritt,15000000,356800000
Keanu,4/29/2016,2016,Comedy,Peter Atencio,Keegan-Michael Key,Jordan Peele,Method Man,Gabrielle Union,Will Forte,15000000,20700000
Rock the Kasbah,10/22/2015,2015,Comedy,Barry Levinson,Bill Murray,Bruce Willis,Kate Hudson,Scott Caan,Zooey Deschanel,15000000,3400000
Krampus,12/4/2015,2015,Horror,Michael Dougherty,Emjay Anthony,Allison Tolman,Adam Scott,,,15000000,61500000
Mama,1/18/2013,2013,Horror,Andres Muschietti,Jessica Chastain,Nikolaj Coster-Waldau,Daniel Kash,David Fox,,15000000,146400000
The Woman in Black,2/3/2012,2012,Horror,James Watkins,Daniel Radcliffe,Ciarán Hinds,Janet McTeer,Liz White,Alisa Khazanova,15000000,128500000
The Woman in Black: Angel of Death,12/30/2014,2014,Horror,Tom Harper,Phoebe Fox,Jeremy Irvine,Helen McCrory,Adrian Rawlins,Oaklee Pendergast,15000000,48900000
Ex Machina,1/21/2015,2015,Sci-Fi,Alex Garland,Domhnall Gleeson,Oscar Isaac,Alicia Vikander,,,15000000,36900000
I,1/14/2015,2015,Romance,S. Shankar,Vikram,Amy Jackson,N. Santhanam,Suresh Gopi,Upen Patel,15000000,65000000
10 Cloverfield Lane,3/8/2016,2016,Thriller,Dan Trachtenberg,Mary Elizabeth Winstead,John Goodman,John Gallagher,,,15000000,108300000
A Most Wanted Man,1/19/2014,2014,Thriller,Anton Corbijn,Philip Seymour Hoffman,Rachel McAdams,Robin Wright,Willem Dafoe,Grigoriy Dobrygin,15000000,36200000
The November Man,8/27/2014,2014,Thriller,Roger Donaldson,Pierce Brosnan,Olga Kurylenko,Luke Bracey,Bill Smitrovich,Will Patton,15000000,34800000
The Theory of Everything,9/7/2014,2014,Biography,James Marsh,Eddie Redmayne,Felicity Jones,,,,15000000,123700000
When the Game Stands Tall,8/4/2014,2014,Religious,Thomas Carter,Jim Caviezel,Laura Dern,Michael Chiklis,Alexander Ludwig,,15000000,30100000
Won't Back Down,9/28/2012,2012,Drama,Daniel Barnz,Viola Davis,Maggie Gyllenhaal,Holly Hunter,Ving Rhames,Rosie Perez,19000000,5400000
Florence Foster Jenkins,4/27/2016,2016,Biography,Stephen Frears,Meryl Streep,Hugh Grant,Simon Helberg,Nina Arianda,Rebecca Ferguson,19000000,31700000
Pawn Sacrifice,9/11/2015,2015,Biography,Ed Zwick,Tobey Maguire,Liev Schreiber,Peter Sarsgaard,Michael Stuhlbarg,Lily Rabe,19000000,5400000
Teenage Mutant Ninja Turtles: Out of the Shadows,5/22/2016,2016,Action,Dave Green,Megan Fox,Stephen Amell,Will Arnett,Laura Linney,Brian Tee,135000000,242500000
The Revenant,12/25/2015,2015,Thriller,Alejandro G. Iñárritu,Leonardo DiCaprio,Tom Hardy,Domhnall Gleeson,Will Poulter,,135000000,533000000
The Croods,3/22/2013,2013,Adventure,Chris Sanders,Nicolas Cage,Ryan Reynolds,Emma Stone,Catherine Keener,Clark Duke,135000000,587200000
Home,3/7/2015,2015,Animation,Tim Johnson,Jim Parsons,Rihanna,Jennifer Lopez,Steve Martin,Matt Jones,135000000,386000000
Eddie the Eagle,2/26/2016,2016,Drama,Dexter Fletcher,Taron Egerton,Christopher Walken,Hugh Jackman,,,23000000,46200000
Brick Mansions,4/23/2014,2014,Action,Camille Delamarre,Paul Walker,David Belle,RZA,,,23000000,69000000
The Grand Budapest Hotel,2/6/2014,2014,Comedy,Wes Anderson,Ralph Fiennes,Tony Revolori,F. Murray Abraham,Mathieu Amalric,Adrien Brody,23000000,174800000
The Wedding Ringer,1/16/2015,2015,Romance,Jeremy Garelick,Kevin Hart,Josh Gad,Kaley Cuoco,Olivia Thirlby,Alan Ritchson,23000000,79800000
The Secret World of Arrietty,2/17/2012,2012,Adventure,Gary Rydstrom,Will Arnett,Amy Poehler,Carol Burnett,Bridgit Mendler,David Henrie,23000000,145600000
Batman: The Killing Joke,7/25/2016,2016,Action,Sam Liu,Kevin Conroy,Mark Hamill,Tara Strong,Ray Wise,,3500000,4400000
Dark Skies,2/22/2013,2013,Horror,Scott Charles Stewart,Keri Russell,Josh Hamilton,Dakota Goyo,,,3500000,26400000
Iron Sky,7/25/2012,2012,Comedy,Timo Vuorensola,Julia Dietze,Peta Sergeant,Gotz Otto,Chris Kirby,Udo Kier,7500000,8100000
"Jeff, Who Lives at Home",3/16/2012,2012,Comedy,Jay Duplass,Jason Segel,Ed Helms,Judy Greer,Susan Sarandon,Evan Ross,7500000,7500000
